


@article{DBLP:journals/infsof/BinkleyMI22,
  author    = {Dave W. Binkley and
               Leon Moonen and
               Sibren Isaacman},
  title     = {Featherweight assisted vulnerability discovery},
  journal   = {Inf. Softw. Technol.},
  volume    = {146},
  year      = {2022},
  url       = {https://doi.org/10.1016/j.infsof.2022.106844},
  doi       = {10.1016/j.infsof.2022.106844},
}

